@article{qi2017pointnet++,
  title={Pointnet++: Deep hierarchical feature learning on point sets in a metric space},
  author={Qi, Charles Ruizhongtai and Yi, Li and Su, Hao and Guibas, Leonidas J},
  journal={Advances in neural information processing systems},
  volume={30},
  year={2017}
}

@inproceedings{ding2019votenet,
  title={Votenet: A deep learning label fusion method for multi-atlas segmentation},
  author={Ding, Zhipeng and Han, Xu and Niethammer, Marc},
  booktitle={International Conference on Medical Image Computing and Computer-Assisted Intervention},
  pages={202--210},
  year={2019},
  organization={Springer}
}

@inproceedings{wang2019densefusion,
  title={Densefusion: 6d object pose estimation by iterative dense fusion},
  author={Wang, Chen and Xu, Danfei and Zhu, Yuke and Mart{\'\i}n-Mart{\'\i}n, Roberto and Lu, Cewu and Fei-Fei, Li and Savarese, Silvio},
  booktitle={Proceedings of the IEEE/CVF conference on computer vision and pattern recognition},
  pages={3343--3352},
  year={2019}
}

@inproceedings{doosti2020hope,
  title={Hope-net: A graph-based model for hand-object pose estimation},
  author={Doosti, Bardia and Naha, Shujon and Mirbagheri, Majid and Crandall, David J},
  booktitle={Proceedings of the IEEE/CVF conference on computer vision and pattern recognition},
  pages={6608--6617},
  year={2020}
}

@inproceedings{yang2022dynamic,
  title={Dynamic Iterative Refinement for Efficient 3D Hand Pose Estimation},
  author={Yang, John and Bhalgat, Yash and Chang, Simyung and Porikli, Fatih and Kwak, Nojun},
  booktitle={Proceedings of the IEEE/CVF Winter Conference on Applications of Computer Vision},
  pages={1869--1879},
  year={2022}
}

@article{madadi2017end,
  title={End-to-end global to local cnn learning for hand pose recovery in depth data},
  author={Madadi, Meysam and Escalera, Sergio and Bar{\'o}, Xavier and Gonzalez, Jordi},
  journal={arXiv preprint arXiv:1705.09606},
  year={2017}
}

@article{deng2017hand3d,
  title={Hand3d: Hand pose estimation using 3d neural network},
  author={Deng, Xiaoming and Yang, Shuo and Zhang, Yinda and Tan, Ping and Chang, Liang and Wang, Hongan},
  journal={arXiv preprint arXiv:1704.02224},
  year={2017}
}

@inproceedings{oberweger2017deepprior++,
  title={Deepprior++: Improving fast and accurate 3d hand pose estimation},
  author={Oberweger, Markus and Lepetit, Vincent},
  booktitle={Proceedings of the IEEE international conference on computer vision Workshops},
  pages={585--594},
  year={2017}
}

@inproceedings{iqbal2018hand,
  title={Hand pose estimation via latent 2.5 d heatmap regression},
  author={Iqbal, Umar and Molchanov, Pavlo and Gall, Thomas Breuel Juergen and Kautz, Jan},
  booktitle={Proceedings of the European Conference on Computer Vision (ECCV)},
  pages={118--134},
  year={2018}
}

@inproceedings{schwarz2015rgb,
  title={RGB-D object recognition and pose estimation based on pre-trained convolutional neural network features},
  author={Schwarz, Max and Schulz, Hannes and Behnke, Sven},
  booktitle={2015 IEEE international conference on robotics and automation (ICRA)},
  pages={1329--1335},
  year={2015},
  organization={IEEE}
}

@inproceedings{qi2018frustum,
  title={Frustum pointnets for 3d object detection from rgb-d data},
  author={Qi, Charles R and Liu, Wei and Wu, Chenxia and Su, Hao and Guibas, Leonidas J},
  booktitle={Proceedings of the IEEE conference on computer vision and pattern recognition},
  pages={918--927},
  year={2018}
}

@inproceedings{zhou2018voxelnet,
  title={Voxelnet: End-to-end learning for point cloud based 3d object detection},
  author={Zhou, Yin and Tuzel, Oncel},
  booktitle={Proceedings of the IEEE conference on computer vision and pattern recognition},
  pages={4490--4499},
  year={2018}
}

@inproceedings{tse2022collaborative,
  title={Collaborative Learning for Hand and Object Reconstruction with Attention-guided Graph Convolution},
  author={Tse, Tze Ho Elden and Kim, Kwang In and Leonardis, Ales and Chang, Hyung Jin},
  booktitle={Proceedings of the IEEE/CVF Conference on Computer Vision and Pattern Recognition},
  pages={1664--1674},
  year={2022}
}

@inproceedings{hasson2020leveraging,
  title={Leveraging photometric consistency over time for sparsely supervised hand-object reconstruction},
  author={Hasson, Yana and Tekin, Bugra and Bogo, Federica and Laptev, Ivan and Pollefeys, Marc and Schmid, Cordelia},
  booktitle={Proceedings of the IEEE/CVF conference on computer vision and pattern recognition},
  pages={571--580},
  year={2020}
}

@inproceedings{tekin2019h+,
  title={H+ o: Unified egocentric recognition of 3d hand-object poses and interactions},
  author={Tekin, Bugra and Bogo, Federica and Pollefeys, Marc},
  booktitle={Proceedings of the IEEE/CVF conference on computer vision and pattern recognition},
  pages={4511--4520},
  year={2019}
}

@inproceedings{liu2021semi,
  title={Semi-supervised 3d hand-object poses estimation with interactions in time},
  author={Liu, Shaowei and Jiang, Hanwen and Xu, Jiarui and Liu, Sifei and Wang, Xiaolong},
  booktitle={Proceedings of the IEEE/CVF Conference on Computer Vision and Pattern Recognition},
  pages={14687--14697},
  year={2021}
}

@inproceedings{choi2017robust,
  title={Robust hand pose estimation during the interaction with an unknown object},
  author={Choi, Chiho and Ho Yoon, Sang and Chen, Chin-Ning and Ramani, Karthik},
  booktitle={Proceedings of the IEEE International Conference on Computer Vision},
  pages={3123--3132},
  year={2017}
}

@article{zhang2021single,
  title={Single Depth View Based Real-Time Reconstruction of Hand-Object Interactions},
  author={Zhang, Hao and Zhou, Yuxiao and Tian, Yifei and Yong, Jun-Hai and Xu, Feng},
  journal={ACM Transactions on Graphics (TOG)},
  volume={40},
  number={3},
  pages={1--12},
  year={2021},
  publisher={ACM New York, NY}
}

@inproceedings{goudie20173d,
  title={3D hand-object pose estimation from depth with convolutional neural networks},
  author={Goudie, Duncan and Galata, Aphrodite},
  booktitle={2017 12th IEEE International Conference on Automatic Face \& Gesture Recognition (FG 2017)},
  pages={406--413},
  year={2017},
  organization={IEEE}
}

@article{oberweger2019generalized,
  title={Generalized feedback loop for joint hand-object pose estimation},
  author={Oberweger, Markus and Wohlhart, Paul and Lepetit, Vincent},
  journal={IEEE transactions on pattern analysis and machine intelligence},
  volume={42},
  number={8},
  pages={1898--1912},
  year={2019},
  publisher={IEEE}
}

@inproceedings{kyriazis2013physically,
  title={Physically plausible 3d scene tracking: The single actor hypothesis},
  author={Kyriazis, Nikolaos and Argyros, Antonis},
  booktitle={Proceedings of the IEEE Conference on Computer Vision and Pattern Recognition},
  pages={9--16},
  year={2013}
}

@inproceedings{tsoli2018joint,
  title={Joint 3D tracking of a deformable object in interaction with a hand},
  author={Tsoli, Aggeliki and Argyros, Antonis A},
  booktitle={Proceedings of the European Conference on Computer Vision (ECCV)},
  pages={484--500},
  year={2018}
}

@article{wang2021brief,
  title={A brief survey on RGB-D semantic segmentation using deep learning},
  author={Wang, Changshuo and Wang, Chen and Li, Weijun and Wang, Haining},
  journal={Displays},
  volume={70},
  pages={102080},
  year={2021},
  publisher={Elsevier}
}

@article{chen2021global,
  title={Global-local propagation network for RGB-D semantic segmentation},
  author={Chen, Sihan and Zhu, Xinxin and Liu, Wei and He, Xingjian and Liu, Jing},
  journal={arXiv preprint arXiv:2101.10801},
  year={2021}
}

@inproceedings{chen2020bi,
  title={Bi-directional cross-modality feature propagation with separation-and-aggregation gate for RGB-D semantic segmentation},
  author={Chen, Xiaokang and Lin, Kwan-Yee and Wang, Jingbo and Wu, Wayne and Qian, Chen and Li, Hongsheng and Zeng, Gang},
  booktitle={European Conference on Computer Vision},
  pages={561--577},
  year={2020},
  organization={Springer}
}

@inproceedings{park2017rdfnet,
  title={Rdfnet: Rgb-d multi-level residual feature fusion for indoor semantic segmentation},
  author={Park, Seong-Jin and Hong, Ki-Sang and Lee, Seungyong},
  booktitle={Proceedings of the IEEE international conference on computer vision},
  pages={4980--4989},
  year={2017}
}

@article{zhang2021non,
  title={Non-local aggregation for RGB-D semantic segmentation},
  author={Zhang, Guodong and Xue, Jing-Hao and Xie, Pengwei and Yang, Sifan and Wang, Guijin},
  journal={IEEE Signal Processing Letters},
  volume={28},
  pages={658--662},
  year={2021},
  publisher={IEEE}
}

@inproceedings{tian2020robust,
  title={Robust 6d object pose estimation by learning rgb-d features},
  author={Tian, Meng and Pan, Liang and Ang, Marcelo H and Lee, Gim Hee},
  booktitle={2020 IEEE International Conference on Robotics and Automation (ICRA)},
  pages={6218--6224},
  year={2020},
  organization={IEEE}
}

@article{saadi2021optimizing,
  title={Optimizing RGB-D fusion for accurate 6DoF pose estimation},
  author={Saadi, Lounes and Besbes, Bassem and Kramm, Sebastien and Bensrhair, Abdelaziz},
  journal={IEEE Robotics and Automation Letters},
  volume={6},
  number={2},
  pages={2413--2420},
  year={2021},
  publisher={IEEE}
}

@inproceedings{kehl2016deep,
  title={Deep learning of local rgb-d patches for 3d object detection and 6d pose estimation},
  author={Kehl, Wadim and Milletari, Fausto and Tombari, Federico and Ilic, Slobodan and Navab, Nassir},
  booktitle={European conference on computer vision},
  pages={205--220},
  year={2016},
  organization={Springer}
}

@inproceedings{hough1959machine,
  title={Machine analysis of bubble chamber pictures},
  author={Hough, Paul VC},
  booktitle={Proc. of the International Conference on High Energy Accelerators and Instrumentation, Sept. 1959},
  pages={554--556},
  year={1959}
}

@article{duda1972textordfeminineuse,
  title={{\textordfeminine}Use of the Hough Transform to Detect Lines and Curves in Pictures, {\textordmasculine} Comm},
  author={Duda, RO and Hart, PE},
  journal={ACM},
  year={1972}
}

@article{silberberg1984iterative,
  title={An iterative Hough procedure for three-dimensional object recognition},
  author={Silberberg, Teresa M and Davis, Larry and Harwood, David},
  journal={Pattern Recognition},
  volume={17},
  number={6},
  pages={621--629},
  year={1984},
  publisher={Elsevier}
}

@inproceedings{tombari2010object,
  title={Object recognition in 3d scenes with occlusions and clutter by hough voting},
  author={Tombari, Federico and Di Stefano, Luigi},
  booktitle={2010 Fourth Pacific-Rim Symposium on Image and Video Technology},
  pages={349--355},
  year={2010},
  organization={IEEE}
}

@article{wu2021vote,
  title={Vote from the center: 6 dof pose estimation in rgb-d images by radial keypoint voting},
  author={Wu, Yangzheng and Zand, Mohsen and Etemad, Ali and Greenspan, Michael},
  journal={arXiv preprint arXiv:2104.02527},
  year={2021}
}

@article{hoang2022voting,
  title={Voting and Attention-Based Pose Relation Learning for Object Pose Estimation From 3D Point Clouds},
  author={Hoang, Dinh-Cuong and Stork, Johannes A and Stoyanov, Todor},
  journal={IEEE Robotics and Automation Letters},
  volume={7},
  number={4},
  pages={8980--8987},
  year={2022},
  publisher={IEEE}
}

@inproceedings{hasson2019learning,
  title={Learning joint reconstruction of hands and manipulated objects},
  author={Hasson, Yana and Varol, Gul and Tzionas, Dimitrios and Kalevatykh, Igor and Black, Michael J and Laptev, Ivan and Schmid, Cordelia},
  booktitle={Proceedings of the IEEE/CVF conference on computer vision and pattern recognition},
  pages={11807--11816},
  year={2019}
}

@inproceedings{oikonomidis2011full,
  title={Full dof tracking of a hand interacting with an object by modeling occlusions and physical constraints},
  author={Oikonomidis, Iason and Kyriazis, Nikolaos and Argyros, Antonis A},
  booktitle={2011 International Conference on Computer Vision},
  pages={2088--2095},
  year={2011},
  organization={IEEE}
}

@article{lu2021understanding,
  title={Understanding egocentric hand-object interactions from hand pose estimation},
  author={Lu, Yao and Mayol-Cuevas, Walterio W},
  journal={arXiv preprint arXiv:2109.14657},
  year={2021}
}

@inproceedings{hasson2021towards,
  title={Towards unconstrained joint hand-object reconstruction from RGB videos},
  author={Hasson, Yana and Varol, G{\"u}l and Schmid, Cordelia and Laptev, Ivan},
  booktitle={2021 International Conference on 3D Vision (3DV)},
  pages={659--668},
  year={2021},
  organization={IEEE}
}

@article{cai20203d,
  title={3D hand pose estimation using synthetic data and weakly labeled RGB images},
  author={Cai, Yujun and Ge, Liuhao and Cai, Jianfei and Thalmann, Nadia Magnenat and Yuan, Junsong},
  journal={IEEE transactions on pattern analysis and machine intelligence},
  volume={43},
  number={11},
  pages={3739--3753},
  year={2020},
  publisher={IEEE}
}

@inproceedings{zimmermann2017learning,
  title={Learning to estimate 3d hand pose from single rgb images},
  author={Zimmermann, Christian and Brox, Thomas},
  booktitle={Proceedings of the IEEE international conference on computer vision},
  pages={4903--4911},
  year={2017}
}

@article{gao2019variational,
  title={Variational object-aware 3-d hand pose from a single rgb image},
  author={Gao, Yafei and Wang, Yida and Falco, Pietro and Navab, Nassir and Tombari, Federico},
  journal={IEEE Robotics and Automation Letters},
  volume={4},
  number={4},
  pages={4239--4246},
  year={2019},
  publisher={IEEE}
}

@article{xiang2017posecnn,
  title={Posecnn: A convolutional neural network for 6d object pose estimation in cluttered scenes},
  author={Xiang, Yu and Schmidt, Tanner and Narayanan, Venkatraman and Fox, Dieter},
  journal={arXiv preprint arXiv:1711.00199},
  year={2017}
}

@article{tremblay2018deep,
  title={Deep object pose estimation for semantic robotic grasping of household objects},
  author={Tremblay, Jonathan and To, Thang and Sundaralingam, Balakumar and Xiang, Yu and Fox, Dieter and Birchfield, Stan},
  journal={arXiv preprint arXiv:1809.10790},
  year={2018}
}

@inproceedings{moon2018v2v,
  title={V2v-posenet: Voxel-to-voxel prediction network for accurate 3d hand and human pose estimation from a single depth map},
  author={Moon, Gyeongsik and Chang, Ju Yong and Lee, Kyoung Mu},
  booktitle={Proceedings of the IEEE conference on computer vision and pattern Recognition},
  pages={5079--5088},
  year={2018}
}

@inproceedings{xiong2019a2j,
  title={A2j: Anchor-to-joint regression network for 3d articulated pose estimation from a single depth image},
  author={Xiong, Fu and Zhang, Boshen and Xiao, Yang and Cao, Zhiguo and Yu, Taidong and Zhou, Joey Tianyi and Yuan, Junsong},
  booktitle={Proceedings of the IEEE/CVF International Conference on Computer Vision},
  pages={793--802},
  year={2019}
}

@inproceedings{ge20173d,
  title={3d convolutional neural networks for efficient and robust hand pose estimation from single depth images},
  author={Ge, Liuhao and Liang, Hui and Yuan, Junsong and Thalmann, Daniel},
  booktitle={Proceedings of the IEEE conference on computer vision and pattern recognition},
  pages={1991--2000},
  year={2017}
}

@inproceedings{cai2022ove6d,
  title={OVE6D: Object Viewpoint Encoding for Depth-based 6D Object Pose Estimation},
  author={Cai, Dingding and Heikkil{\"a}, Janne and Rahtu, Esa},
  booktitle={Proceedings of the IEEE/CVF Conference on Computer Vision and Pattern Recognition},
  pages={6803--6813},
  year={2022}
}

@inproceedings{li2020category,
  title={Category-level articulated object pose estimation},
  author={Li, Xiaolong and Wang, He and Yi, Li and Guibas, Leonidas J and Abbott, A Lynn and Song, Shuran},
  booktitle={Proceedings of the IEEE/CVF conference on computer vision and pattern recognition},
  pages={3706--3715},
  year={2020}
}

@inproceedings{kazakos2018fusion,
  title={On the fusion of RGB and depth information for hand pose estimation},
  author={Kazakos, Evangelos and Nikou, Christophoros and Kakadiaris, Ioannis A},
  booktitle={2018 25th IEEE International Conference on Image Processing (ICIP)},
  pages={868--872},
  year={2018},
  organization={IEEE}
}

@inproceedings{yuan20193d,
  title={3D hand pose estimation from RGB using privileged learning with depth data},
  author={Yuan, Shanxin and Stenger, Bjorn and Kim, Tae-Kyun},
  booktitle={Proceedings of the IEEE/CVF International Conference on Computer Vision Workshops},
  pages={0--0},
  year={2019}
}

@inproceedings{wang2020learning,
  title={Learning human-object interaction detection using interaction points},
  author={Wang, Tiancai and Yang, Tong and Danelljan, Martin and Khan, Fahad Shahbaz and Zhang, Xiangyu and Sun, Jian},
  booktitle={Proceedings of the IEEE/CVF Conference on Computer Vision and Pattern Recognition},
  pages={4116--4125},
  year={2020}
}
