@inproceedings{yuan2018rgb,
  title={3D hand pose estimation from RGB using privileged learning with depth data},
  author={Yuan, Shanxin and Stenger, Bjorn and Kim, Tae-Kyun},
  booktitle={Proceedings of the IEEE/CVF International Conference on Computer Vision Workshops},
  pages={0--0},
  year={2019}
}

@article{qi2017pointnet++,
  title={Pointnet++: Deep hierarchical feature learning on point sets in a metric space},
  author={Qi, Charles Ruizhongtai and Yi, Li and Su, Hao and Guibas, Leonidas J},
  journal={Advances in neural information processing systems},
  volume={30},
  year={2017}
}

@inproceedings{oberweger2017deepprior++,
  title={Deepprior++: Improving fast and accurate 3d hand pose estimation},
  author={Oberweger, Markus and Lepetit, Vincent},
  booktitle={Proceedings of the IEEE international conference on computer vision Workshops},
  pages={585--594},
  year={2017}
}

@InProceedings{Moon_2018_CVPR,
author = {Moon, Gyeongsik and Chang, Ju Yong and Lee, Kyoung Mu},
title = {V2V-PoseNet: Voxel-to-Voxel Prediction Network for Accurate 3D Hand and Human Pose Estimation From a Single Depth Map},
booktitle = {Proceedings of the IEEE Conference on Computer Vision and Pattern Recognition (CVPR)},
month = {June},
year = {2018}
}

@inproceedings{ge20173d,
  title={3d convolutional neural networks for efficient and robust hand pose estimation from single depth images},
  author={Ge, Liuhao and Liang, Hui and Yuan, Junsong and Thalmann, Daniel},
  booktitle={Proceedings of the IEEE conference on computer vision and pattern recognition},
  pages={1991--2000},
  year={2017}
}

@inproceedings{xiong2019a2j,
  title={A2j: Anchor-to-joint regression network for 3d articulated pose estimation from a single depth image},
  author={Xiong, Fu and Zhang, Boshen and Xiao, Yang and Cao, Zhiguo and Yu, Taidong and Zhou, Joey Tianyi and Yuan, Junsong},
  booktitle={Proceedings of the IEEE/CVF International Conference on Computer Vision},
  pages={793--802},
  year={2019}
}

@article{malik2021handvoxnet++,
  title={HandVoxNet++: 3D Hand Shape and Pose Estimation using Voxel-Based Neural Networks},
  author={Malik, Jameel and Shimada, Soshi and Elhayek, Ahmed and Ali, Sk Aziz and Golyanik, Vladislav and Theobalt, Christian and Stricker, Didier},
  journal={IEEE Transactions on Pattern Analysis and Machine Intelligence},
  year={2021},
  publisher={IEEE}
}

@article{malik2019whsp,
  title={WHSP-Net: A weakly-supervised approach for 3D hand shape and pose recovery from a single depth image},
  author={Malik, Jameel and Elhayek, Ahmed and Stricker, Didier},
  journal={Sensors},
  volume={19},
  number={17},
  pages={3784},
  year={2019},
  publisher={MDPI}
}

@inproceedings{zimmermann2017learning,
  title={Learning to estimate 3d hand pose from single rgb images},
  author={Zimmermann, Christian and Brox, Thomas},
  booktitle={Proceedings of the IEEE international conference on computer vision},
  pages={4903--4911},
  year={2017}
}

@inproceedings{iqbal2018hand,
  title={Hand pose estimation via latent 2.5 d heatmap regression},
  author={Iqbal, Umar and Molchanov, Pavlo and Gall, Thomas Breuel Juergen and Kautz, Jan},
  booktitle={Proceedings of the European Conference on Computer Vision (ECCV)},
  pages={118--134},
  year={2018}
}

@inproceedings{ge20193d,
  title={3d hand shape and pose estimation from a single rgb image},
  author={Ge, Liuhao and Ren, Zhou and Li, Yuncheng and Xue, Zehao and Wang, Yingying and Cai, Jianfei and Yuan, Junsong},
  booktitle={Proceedings of the IEEE/CVF Conference on Computer Vision and Pattern Recognition},
  pages={10833--10842},
  year={2019}
}

@article{cai20203d,
  title={3D hand pose estimation using synthetic data and weakly labeled RGB images},
  author={Cai, Yujun and Ge, Liuhao and Cai, Jianfei and Thalmann, Nadia Magnenat and Yuan, Junsong},
  journal={IEEE transactions on pattern analysis and machine intelligence},
  volume={43},
  number={11},
  pages={3739--3753},
  year={2020},
  publisher={IEEE}
}

@inproceedings{he20213d,
  title={3D Hand Pose Estimation via Regularized Graph Representation Learning},
  author={He, Yiming and Hu, Wei},
  booktitle={CAAI International Conference on Artificial Intelligence},
  pages={540--552},
  year={2021},
  organization={Springer}
}

@article{gao2019variational,
  title={Variational object-aware 3-d hand pose from a single rgb image},
  author={Gao, Yafei and Wang, Yida and Falco, Pietro and Navab, Nassir and Tombari, Federico},
  journal={IEEE Robotics and Automation Letters},
  volume={4},
  number={4},
  pages={4239--4246},
  year={2019},
  publisher={IEEE}
}

@inproceedings{spurr2021self,
  title={Self-supervised 3d hand pose estimation from monocular rgb via contrastive learning},
  author={Spurr, Adrian and Dahiya, Aneesh and Wang, Xi and Zhang, Xucong and Hilliges, Otmar},
  booktitle={Proceedings of the IEEE/CVF International Conference on Computer Vision},
  pages={11230--11239},
  year={2021}
}

@inproceedings{kazakos2018fusion,
  title={On the fusion of RGB and depth information for hand pose estimation},
  author={Kazakos, Evangelos and Nikou, Christophoros and Kakadiaris, Ioannis A},
  booktitle={2018 25th IEEE International Conference on Image Processing (ICIP)},
  pages={868--872},
  year={2018},
  organization={IEEE}
}

@inproceedings{wang2019densefusion,
  title={Densefusion: 6d object pose estimation by iterative dense fusion},
  author={Wang, Chen and Xu, Danfei and Zhu, Yuke and Mart{\'\i}n-Mart{\'\i}n, Roberto and Lu, Cewu and Fei-Fei, Li and Savarese, Silvio},
  booktitle={Proceedings of the IEEE/CVF conference on computer vision and pattern recognition},
  pages={3343--3352},
  year={2019}
}

@inproceedings{xie2018attentional,
  title={Attentional shapecontextnet for point cloud recognition},
  author={Xie, Saining and Liu, Sainan and Chen, Zeyu and Tu, Zhuowen},
  booktitle={Proceedings of the IEEE conference on computer vision and pattern recognition},
  pages={4606--4615},
  year={2018}
}

@inproceedings{zhang2019pcan,
  title={PCAN: 3D attention map learning using contextual information for point cloud based retrieval},
  author={Zhang, Wenxiao and Xiao, Chunxia},
  booktitle={Proceedings of the IEEE/CVF Conference on Computer Vision and Pattern Recognition},
  pages={12436--12445},
  year={2019}
}

@inproceedings{paigwar2019attentional,
  title={Attentional pointnet for 3d-object detection in point clouds},
  author={Paigwar, Anshul and Erkent, Ozgur and Wolf, Christian and Laugier, Christian},
  booktitle={Proceedings of the IEEE/CVF Conference on Computer Vision and Pattern Recognition Workshops},
  pages={0--0},
  year={2019}
}

@inproceedings{chu2017multi,
  title={Multi-context attention for human pose estimation},
  author={Chu, Xiao and Yang, Wei and Ouyang, Wanli and Ma, Cheng and Yuille, Alan L and Wang, Xiaogang},
  booktitle={Proceedings of the IEEE conference on computer vision and pattern recognition},
  pages={1831--1840},
  year={2017}
}

@article{zou2021cma,
  title={CMA: Cross-modal attention for 6D object pose estimation},
  author={Zou, Lu and Huang, Zhangjin and Wang, Fangjun and Yang, Zhouwang and Wang, Guoping},
  journal={Computers \& Graphics},
  volume={97},
  pages={139--147},
  year={2021},
  publisher={Elsevier}
}

@inproceedings{stevvsivc2020spatial,
  title={Spatial attention improves iterative 6D object pose estimation},
  author={Stev{\v{s}}i{\v{c}}, Stefan and Hilliges, Otmar},
  booktitle={2020 International Conference on 3D Vision (3DV)},
  pages={1070--1078},
  year={2020},
  organization={IEEE}
}

@article{santavas2020attention,
  title={Attention! a lightweight 2d hand pose estimation approach},
  author={Santavas, Nicholas and Kansizoglou, Ioannis and Bampis, Loukas and Karakasis, Evangelos and Gasteratos, Antonios},
  journal={IEEE Sensors Journal},
  volume={21},
  number={10},
  pages={11488--11496},
  year={2020},
  publisher={IEEE}
}

@article{ng2021enhanced,
  title={An enhanced self-attention and A2J approach for 3D hand pose estimation},
  author={Ng, Mei-Ying and Chng, Chin-Boon and Koh, Wai-Kin and Chui, Chee-Kong and Chua, Matthew Chin-Heng},
  journal={Multimedia Tools and Applications},
  pages={1--16},
  year={2021},
  publisher={Springer}
}

@inproceedings{ye2016spatial,
  title={Spatial attention deep net with partial pso for hierarchical hybrid hand pose estimation},
  author={Ye, Qi and Yuan, Shanxin and Kim, Tae-Kyun},
  booktitle={European conference on computer vision},
  pages={346--361},
  year={2016},
  organization={Springer}
}

@inproceedings{ye20183d,
  title={3d recurrent neural networks with context fusion for point cloud semantic segmentation},
  author={Ye, Xiaoqing and Li, Jiamao and Huang, Hexiao and Du, Liang and Zhang, Xiaolin},
  booktitle={Proceedings of the European conference on computer vision (ECCV)},
  pages={403--417},
  year={2018}
}

@article{hu2018semantic,
  title={Semantic labeling and instance segmentation of 3D point clouds using patch context analysis and multiscale processing},
  author={Hu, Shi-Min and Cai, Jun-Xiong and Lai, Yu-Kun},
  journal={IEEE transactions on visualization and computer graphics},
  volume={26},
  number={7},
  pages={2485--2498},
  year={2018},
  publisher={IEEE}
}

@inproceedings{kehl2016deep,
  title={Deep learning of local rgb-d patches for 3d object detection and 6d pose estimation},
  author={Kehl, Wadim and Milletari, Fausto and Tombari, Federico and Ilic, Slobodan and Navab, Nassir},
  booktitle={European conference on computer vision},
  pages={205--220},
  year={2016},
  organization={Springer}
}

@article{silberberg1984iterative,
  title={An iterative Hough procedure for three-dimensional object recognition},
  author={Silberberg, Teresa M and Davis, Larry and Harwood, David},
  journal={Pattern Recognition},
  volume={17},
  number={6},
  pages={621--629},
  year={1984},
  publisher={Elsevier}
}

@inproceedings{kehl2017ssd,
  title={Ssd-6d: Making rgb-based 3d detection and 6d pose estimation great again},
  author={Kehl, Wadim and Manhardt, Fabian and Tombari, Federico and Ilic, Slobodan and Navab, Nassir},
  booktitle={Proceedings of the IEEE international conference on computer vision},
  pages={1521--1529},
  year={2017}
}

@inproceedings{kehl2016deep,
  title={Deep learning of local rgb-d patches for 3d object detection and 6d pose estimation},
  author={Kehl, Wadim and Milletari, Fausto and Tombari, Federico and Ilic, Slobodan and Navab, Nassir},
  booktitle={European conference on computer vision},
  pages={205--220},
  year={2016},
  organization={Springer}
}

@inproceedings{ding2019votenet,
  title={Votenet: A deep learning label fusion method for multi-atlas segmentation},
  author={Ding, Zhipeng and Han, Xu and Niethammer, Marc},
  booktitle={International Conference on Medical Image Computing and Computer-Assisted Intervention},
  pages={202--210},
  year={2019},
  organization={Springer}
}

@inproceedings{wang2018non,
  title={Non-local neural networks},
  author={Wang, Xiaolong and Girshick, Ross and Gupta, Abhinav and He, Kaiming},
  booktitle={Proceedings of the IEEE conference on computer vision and pattern recognition},
  pages={7794--7803},
  year={2018}
}

@inproceedings{huang2019ccnet,
  title={Ccnet: Criss-cross attention for semantic segmentation},
  author={Huang, Zilong and Wang, Xinggang and Huang, Lichao and Huang, Chang and Wei, Yunchao and Liu, Wenyu},
  booktitle={Proceedings of the IEEE/CVF international conference on computer vision},
  pages={603--612},
  year={2019}
}

@inproceedings{fu2019dual,
  title={Dual attention network for scene segmentation},
  author={Fu, Jun and Liu, Jing and Tian, Haijie and Li, Yong and Bao, Yongjun and Fang, Zhiwei and Lu, Hanqing},
  booktitle={Proceedings of the IEEE/CVF conference on computer vision and pattern recognition},
  pages={3146--3154},
  year={2019}
}

@article{feng2020point,
  title={Point attention network for semantic segmentation of 3D point clouds},
  author={Feng, Mingtao and Zhang, Liang and Lin, Xuefei and Gilani, Syed Zulqarnain and Mian, Ajmal},
  journal={Pattern Recognition},
  volume={107},
  pages={107446},
  year={2020},
  publisher={Elsevier}
}

@inproceedings{zhao2021point,
  title={Point transformer},
  author={Zhao, Hengshuang and Jiang, Li and Jia, Jiaya and Torr, Philip HS and Koltun, Vladlen},
  booktitle={Proceedings of the IEEE/CVF International Conference on Computer Vision},
  pages={16259--16268},
  year={2021}
}

@incollection{gall2013class,
  title={Class-specific hough forests for object detection},
  author={Gall, Juergen and Lempitsky, Victor},
  booktitle={Decision forests for computer vision and medical image analysis},
  pages={143--157},
  year={2013},
  publisher={Springer}
}

@article{gall2011hough,
  title={Hough forests for object detection, tracking, and action recognition},
  author={Gall, Juergen and Yao, Angela and Razavi, Nima and Van Gool, Luc and Lempitsky, Victor},
  journal={IEEE transactions on pattern analysis and machine intelligence},
  volume={33},
  number={11},
  pages={2188--2202},
  year={2011},
  publisher={IEEE}
}

@inproceedings{tombari2010object,
  title={Object recognition in 3d scenes with occlusions and clutter by hough voting},
  author={Tombari, Federico and Di Stefano, Luigi},
  booktitle={2010 Fourth Pacific-Rim Symposium on Image and Video Technology},
  pages={349--355},
  year={2010},
  organization={IEEE}
}

@article{murphy2008head,
  title={Head pose estimation in computer vision: A survey},
  author={Murphy-Chutorian, Erik and Trivedi, Mohan Manubhai},
  journal={IEEE transactions on pattern analysis and machine intelligence},
  volume={31},
  number={4},
  pages={607--626},
  year={2008},
  publisher={IEEE}
}

@article{doosti2019hand,
  title={Hand pose estimation: A survey},
  author={Doosti, Bardia},
  journal={arXiv preprint arXiv:1903.01013},
  year={2019}
}

@inproceedings{yang2020seqhand,
  title={Seqhand: Rgb-sequence-based 3d hand pose and shape estimation},
  author={Yang, John and Chang, Hyung Jin and Lee, Seungeui and Kwak, Nojun},
  booktitle={European Conference on Computer Vision},
  pages={122--139},
  year={2020},
  organization={Springer}
}

@article{sanchez2017robust,
  title={Robust RGB-D hand tracking using deep learning priors},
  author={Sanchez-Riera, Jordi and Srinivasan, Kathiravan and Hua, Kai-Lung and Cheng, Wen-Huang and Hossain, M Anwar and Alhamid, Mohammed F},
  journal={IEEE Transactions on Circuits and Systems for Video Technology},
  volume={28},
  number={9},
  pages={2289--2301},
  year={2017},
  publisher={IEEE}
}

@inproceedings{qi2019deep,
  title={Deep hough voting for 3d object detection in point clouds},
  author={Qi, Charles R and Litany, Or and He, Kaiming and Guibas, Leonidas J},
  booktitle={proceedings of the IEEE/CVF International Conference on Computer Vision},
  pages={9277--9286},
  year={2019}
}

@inproceedings{buades2005non,
  title={A non-local algorithm for image denoising},
  author={Buades, Antoni and Coll, Bartomeu and Morel, J-M},
  booktitle={2005 IEEE computer society conference on computer vision and pattern recognition (CVPR'05)},
  volume={2},
  pages={60--65},
  year={2005},
  organization={Ieee}
}

@inproceedings{woo2018cbam,
  title={Cbam: Convolutional block attention module},
  author={Woo, Sanghyun and Park, Jongchan and Lee, Joon-Young and Kweon, In So},
  booktitle={Proceedings of the European conference on computer vision (ECCV)},
  pages={3--19},
  year={2018}
}

@inproceedings{qi2017pointnet,
  title={Pointnet: Deep learning on point sets for 3d classification and segmentation},
  author={Qi, Charles R and Su, Hao and Mo, Kaichun and Guibas, Leonidas J},
  booktitle={Proceedings of the IEEE conference on computer vision and pattern recognition},
  pages={652--660},
  year={2017}
}

@inproceedings{zhang2019pcan,
  title={PCAN: 3D attention map learning using contextual information for point cloud based retrieval},
  author={Zhang, Wenxiao and Xiao, Chunxia},
  booktitle={Proceedings of the IEEE/CVF Conference on Computer Vision and Pattern Recognition},
  pages={12436--12445},
  year={2019}
}

@inproceedings{chu2017multi,
  title={Multi-context attention for human pose estimation},
  author={Chu, Xiao and Yang, Wei and Ouyang, Wanli and Ma, Cheng and Yuille, Alan L and Wang, Xiaogang},
  booktitle={Proceedings of the IEEE conference on computer vision and pattern recognition},
  pages={1831--1840},
  year={2017}
}

@article{zou2021cma,
  title={CMA: Cross-modal attention for 6D object pose estimation},
  author={Zou, Lu and Huang, Zhangjin and Wang, Fangjun and Yang, Zhouwang and Wang, Guoping},
  journal={Computers \& Graphics},
  volume={97},
  pages={139--147},
  year={2021},
  publisher={Elsevier}
}

@inproceedings{stevvsivc2020spatial,
  title={Spatial attention improves iterative 6D object pose estimation},
  author={Stev{\v{s}}i{\v{c}}, Stefan and Hilliges, Otmar},
  booktitle={2020 International Conference on 3D Vision (3DV)},
  pages={1070--1078},
  year={2020},
  organization={IEEE}
}

@inproceedings{hasson2019learning,
  title={Learning joint reconstruction of hands and manipulated objects},
  author={Hasson, Yana and Varol, Gul and Tzionas, Dimitrios and Kalevatykh, Igor and Black, Michael J and Laptev, Ivan and Schmid, Cordelia},
  booktitle={Proceedings of the IEEE/CVF conference on computer vision and pattern recognition},
  pages={11807--11816},
  year={2019}
}

@article{romero2017embodied,
  title={hasson2019learnin},
  author={Romero, Javier and Tzionas, Dimitrios and Black, Michael J},
  journal={ACM Transactions on Graphics (TOG)},
  volume={36},
  number={6},
  pages={1--17},
  year={2017},
  publisher={ACM New York, NY, USA}
}

@inproceedings{chao2021dexycb,
  title={DexYCB: A benchmark for capturing hand grasping of objects},
  author={Chao, Yu-Wei and Yang, Wei and Xiang, Yu and Molchanov, Pavlo and Handa, Ankur and Tremblay, Jonathan and Narang, Yashraj S and Van Wyk, Karl and Iqbal, Umar and Birchfield, Stan and others},
  booktitle={Proceedings of the IEEE/CVF Conference on Computer Vision and Pattern Recognition},
  pages={9044--9053},
  year={2021}
}

@inproceedings{cheng2021handfoldingnet,
  title={HandFoldingNet: A 3D Hand Pose Estimation Network Using Multiscale-Feature Guided Folding of a 2D Hand Skeleton},
  author={Cheng, Wencan and Park, Jae Hyun and Ko, Jong Hwan},
  booktitle={Proceedings of the IEEE/CVF International Conference on Computer Vision},
  pages={11260--11269},
  year={2021}
}

@inproceedings{spurr2020weakly,
  title={Weakly supervised 3d hand pose estimation via biomechanical constraints},
  author={Spurr, Adrian and Iqbal, Umar and Molchanov, Pavlo and Hilliges, Otmar and Kautz, Jan},
  booktitle={European Conference on Computer Vision},
  pages={211--228},
  year={2020},
  organization={Springer}
}

@inproceedings{tang2021towards,
  title={Towards accurate alignment in real-time 3d hand-mesh reconstruction},
  author={Tang, Xiao and Wang, Tianyu and Fu, Chi-Wing},
  booktitle={Proceedings of the IEEE/CVF International Conference on Computer Vision},
  pages={11698--11707},
  year={2021}
}

@inproceedings{garcia2018first,
  title={First-person hand action benchmark with rgb-d videos and 3d hand pose annotations},
  author={Garcia-Hernando, Guillermo and Yuan, Shanxin and Baek, Seungryul and Kim, Tae-Kyun},
  booktitle={Proceedings of the IEEE conference on computer vision and pattern recognition},
  pages={409--419},
  year={2018}
}

@inproceedings{li2020hand,
  title={Hand pose estimation for hand-object interaction cases using augmented autoencoder},
  author={Li, Shile and Wang, Haojie and Lee, Dongheui},
  booktitle={2020 IEEE International Conference on Robotics and Automation (ICRA)},
  pages={993--999},
  year={2020},
  organization={IEEE}
}

@inproceedings{garcia2020physics,
  title={Physics-based dexterous manipulations with estimated hand poses and residual reinforcement learning},
  author={Garcia-Hernando, Guillermo and Johns, Edward and Kim, Tae-Kyun},
  booktitle={2020 IEEE/RSJ International Conference on Intelligent Robots and Systems (IROS)},
  pages={9561--9568},
  year={2020},
  organization={IEEE}
}
